@article{teste,
  title={ASSAT: Computing answer sets of a logic program by SAT solvers},
  author={Lin, Fangzhen and Zhao, Yuting},
  journal={Artificial Intelligence},
  volume={157},
  number={1-2},
  pages={115--137},
  year={2004},
  publisher={Elsevier Science}
}